Date,Time (UTC),Type,Symbol,Specification,Liquidity Indicator,Trading Fee Rate (bps),USD Amount USD,Fee (USD) USD,USD Balance USD,BTC Amount BTC,Fee (BTC) BTC,BTC Balance BTC,ETH Amount ETH,Fee (ETH) ETH,ETH Balance ETH,ZEC Amount ZEC,Fee ZEC,ZEC Balance ZEC,BCH Amount BCH,Fee (BCH) BCH,BCH Balance BCH,LTC Amount LTC,Fee (LTC) LTC,LTC Balance LTC,Trade ID,Order ID,Order Date,Order Time,Client Order ID,API Session,Tx Hash,Deposit Destination,Deposit Tx Output,Withdrawal Destination,Withdrawal Tx Output
2017-06-09,15:22:02.934,Credit,USD,Deposit (Wire Transfer),,,"$20,000.00 ",,"$20,000.00 ",,,0.0 BTC ,,,0.0 ETH ,,,0.0 ZEC ,,,0.0 BCH ,,,0.0 LTC ,,,,,,,,,,,
2017-06-09,21:50:22.239,Buy,ETHUSD,Limit,Taker,25.00 ,"($1,421.47)",($3.55),"$18,574.97 ",,,0.0 BTC ,5.115053 ETH ,,5.115053 ETH ,,,0.0 ZEC ,,,0.0 BCH ,,,0.0 LTC ,733616169,733616167,2017-06-09,21:50:22.238,,,,,,,
2017-06-09,21:50:22.240,Buy,ETHUSD,Limit,Taker,25.00 ,"($16,302.01)",($40.76),"$2,232.21 ",,,0.0 BTC ,58.640316 ETH ,,63.755369 ETH ,,,0.0 ZEC ,,,0.0 BCH ,,,0.0 LTC ,733616191,733616167,2017-06-09,21:50:22.238,,,,,,,
2017-06-09,21:50:22.240,Buy,ETHUSD,Limit,Taker,25.00 ,($1.39),($0.00),"$2,230.82 ",,,0.0 BTC ,0.004991 ETH ,,63.76036 ETH ,,,0.0 ZEC ,,,0.0 BCH ,,,0.0 LTC ,733616189,733616167,2017-06-09,21:50:22.238,,,,,,,
2017-06-09,21:50:22.240,Buy,ETHUSD,Limit,Taker,25.00 ,($1.46),($0.00),"$2,229.36 ",,,0.0 BTC ,0.005236 ETH ,,63.765596 ETH ,,,0.0 ZEC ,,,0.0 BCH ,,,0.0 LTC ,733616187,733616167,2017-06-09,21:50:22.238,,,,,,,
2017-06-09,21:50:22.240,Buy,ETHUSD,Limit,Taker,25.00 ,($1.41),($0.00),"$2,227.95 ",,,0.0 BTC ,0.005064 ETH ,,63.77066 ETH ,,,0.0 ZEC ,,,0.0 BCH ,,,0.0 LTC ,733616185,733616167,2017-06-09,21:50:22.238,,,,,,,
2017-06-09,21:50:22.240,Buy,ETHUSD,Limit,Taker,25.00 ,"($2,000.00)",($5.00),$222.95 ,,,0.0 BTC ,7.19528 ETH ,,70.96594 ETH ,,,0.0 ZEC ,,,0.0 BCH ,,,0.0 LTC ,733616183,733616167,2017-06-09,21:50:22.238,,,,,,,
2017-06-09,21:50:22.240,Buy,ETHUSD,Limit,Taker,25.00 ,($1.39),($0.00),$221.56 ,,,0.0 BTC ,0.005001 ETH ,,70.970941 ETH ,,,0.0 ZEC ,,,0.0 BCH ,,,0.0 LTC ,733616181,733616167,2017-06-09,21:50:22.238,,,,,,,
2017-06-09,21:50:22.240,Buy,ETHUSD,Limit,Taker,25.00 ,($1.38),($0.00),$220.17 ,,,0.0 BTC ,0.004957 ETH ,,70.975898 ETH ,,,0.0 ZEC ,,,0.0 BCH ,,,0.0 LTC ,733616179,733616167,2017-06-09,21:50:22.238,,,,,,,
2017-06-09,21:50:22.240,Buy,ETHUSD,Limit,Taker,25.00 ,($1.44),($0.00),$218.73 ,,,0.0 BTC ,0.005191 ETH ,,70.981089 ETH ,,,0.0 ZEC ,,,0.0 BCH ,,,0.0 LTC ,733616177,733616167,2017-06-09,21:50:22.238,,,,,,,
2017-06-09,21:50:22.240,Buy,ETHUSD,Limit,Taker,25.00 ,($1.43),($0.00),$217.29 ,,,0.0 BTC ,0.005149 ETH ,,70.986238 ETH ,,,0.0 ZEC ,,,0.0 BCH ,,,0.0 LTC ,733616175,733616167,2017-06-09,21:50:22.238,,,,,,,
2017-06-09,21:50:22.240,Buy,ETHUSD,Limit,Taker,25.00 ,($2.41),($0.01),$214.88 ,,,0.0 BTC ,0.008654 ETH ,,70.994892 ETH ,,,0.0 ZEC ,,,0.0 BCH ,,,0.0 LTC ,733616173,733616167,2017-06-09,21:50:22.238,,,,,,,
2017-06-09,21:50:22.240,Buy,ETHUSD,Limit,Taker,25.00 ,($1.42),($0.00),$213.46 ,,,0.0 BTC ,0.005108 ETH ,,71.0 ETH ,,,0.0 ZEC ,,,0.0 BCH ,,,0.0 LTC ,733616171,733616167,2017-06-09,21:50:22.238,,,,,,,
2017-06-11,00:09:15.737,Buy,ETHUSD,Limit,Maker,25.00 ,($211.95),($0.53),$0.98 ,,,0.0 BTC ,0.631 ETH ,,71.631 ETH ,,,0.0 ZEC ,,,0.0 BCH ,,,0.0 LTC ,741329302,741324685,2017-06-11,00:08:04.047,,,,,,,
2017-06-11,00:09:54.967,Buy,ETHUSD,Limit,Maker,25.00 ,($0.05),($0.00),$0.93 ,,,0.0 BTC ,0.000159 ETH ,,71.631159 ETH ,,,0.0 ZEC ,,,0.0 BCH ,,,0.0 LTC ,741332057,741324685,2017-06-11,00:08:04.047,,,,,,,
2017-08-10,19:47:25.168,Debit,ETH,Withdrawal (ETH),,,,,$0.93 ,,,0.0 BTC ,(71.0 ETH),0.0 ETH ,0.631159 ETH ,,,0.0 ZEC ,,,0.0 BCH ,,,0.0 LTC ,,,,,,,a4118866748898f6172c5db9b1058946417f0b359f2ba98ae15ac95af4262105,,,0x6cd8a3df61629ebfa11b79e7c3e2400738e6b0a5,
2017-09-05,04:08:06.150,Debit,ETH,Withdrawal (ETH),,,,,$0.93 ,,,0.0 BTC ,(0.631159 ETH),0.0 ETH ,0.0 ETH ,,,0.0 ZEC ,,,0.0 BCH ,,,0.0 LTC ,,,,,,,c991b447dcce78999c2f71db4c4721fc4a0b59463d20603cc81b428b2a69485e,,,0x6cd8a3df61629ebfa11b79e7c3e2400738e6b0a5,
2017-09-16,21:01:41.655,Credit,USD,Deposit (Instant ACH Transfer),,,$500.00 ,,$500.93 ,,,0.0 BTC ,,,0.0 ETH ,,,0.0 ZEC ,,,0.0 BCH ,,,0.0 LTC ,,,,,,,,,,,
2017-09-16,22:47:07.909,Buy,ETHUSD,Limit,Taker,25.00 ,($498.85),($1.25),$0.83 ,,,0.0 BTC ,1.944 ETH ,,1.944 ETH ,,,0.0 ZEC ,,,0.0 BCH ,,,0.0 LTC ,1711045118,1711045116,2017-09-16,22:47:07.909,,,,,,,
2017-09-23,03:10:10.063,Debit,ETH,Withdrawal (ETH),,,,,$0.83 ,,,0.0 BTC ,(1.944 ETH),0.0 ETH ,0.0 ETH ,,,0.0 ZEC ,,,0.0 BCH ,,,0.0 LTC ,,,,,,,c8941cc7094366db4c384149fcba81e715e0ad3fc63f718e1b9f210091152493,,,0x6cd8a3df61629ebfa11b79e7c3e2400738e6b0a5,
2017-10-30,01:59:29.413,Credit,USD,Deposit (Instant ACH Transfer),,,$399.66 ,,$400.49 ,,,0.0 BTC ,,,0.0 ETH ,,,0.0 ZEC ,,,0.0 BCH ,,,0.0 LTC ,,,,,,,,,,,
2017-10-30,02:20:30.326,Buy,ETHUSD,Limit,Maker,25.00 ,($399.49),($1.00),$0.00 ,,,0.0 BTC ,1.3 ETH ,,1.3 ETH ,,,0.0 ZEC ,,,0.0 BCH ,,,0.0 LTC ,2099745310,2099654574,2017-10-30,02:04:22.394,,,,,,,
2017-11-03,20:59:14.030,Debit,ETH,Withdrawal (ETH),,,,,$0.00 ,,,0.0 BTC ,(1.3 ETH),0.0 ETH ,0.0 ETH ,,,0.0 ZEC ,,,0.0 BCH ,,,0.0 LTC ,,,,,,,15a80d5471d0a71ac0e6eccc9ecd59be5b20975e276d26f1b86318410a4d1c17,,,0x6cd8a3df61629ebfa11b79e7c3e2400738e6b0a5,
2017-11-16,08:03:38.553,Credit,USD,Deposit (Instant ACH Transfer),,,$150.00 ,,$150.00 ,,,0.0 BTC ,,,0.0 ETH ,,,0.0 ZEC ,,,0.0 BCH ,,,0.0 LTC ,,,,,,,,,,,
2017-11-19,01:25:07.497,Buy,ETHUSD,Market,Taker,25.00 ,($23.79),($0.06),$126.16 ,,,0.0 BTC ,0.06836867 ETH ,,0.06836867 ETH ,,,0.0 ZEC ,,,0.0 BCH ,,,0.0 LTC ,2264904893,2264904851,2017-11-19,01:25:07.496,,,,,,,
2017-11-19,01:25:07.497,Buy,ETHUSD,Market,Taker,25.00 ,($4.49),($0.01),$121.65 ,,,0.0 BTC ,0.012912 ETH ,,0.08128067 ETH ,,,0.0 ZEC ,,,0.0 BCH ,,,0.0 LTC ,2264904891,2264904851,2017-11-19,01:25:07.496,,,,,,,
2017-11-19,01:25:07.497,Buy,ETHUSD,Market,Taker,25.00 ,($5.49),($0.01),$116.15 ,,,0.0 BTC ,0.015787 ETH ,,0.09706767 ETH ,,,0.0 ZEC ,,,0.0 BCH ,,,0.0 LTC ,2264904889,2264904851,2017-11-19,01:25:07.496,,,,,,,
2017-11-19,01:25:07.497,Buy,ETHUSD,Market,Taker,25.00 ,($7.49),($0.02),$108.64 ,,,0.0 BTC ,0.021528 ETH ,,0.11859567 ETH ,,,0.0 ZEC ,,,0.0 BCH ,,,0.0 LTC ,2264904887,2264904851,2017-11-19,01:25:07.496,,,,,,,
2017-11-19,01:25:07.497,Buy,ETHUSD,Market,Taker,25.00 ,($5.49),($0.01),$103.13 ,,,0.0 BTC ,0.015793 ETH ,,0.13438867 ETH ,,,0.0 ZEC ,,,0.0 BCH ,,,0.0 LTC ,2264904885,2264904851,2017-11-19,01:25:07.496,,,,,,,
2017-11-19,01:25:07.497,Buy,ETHUSD,Market,Taker,25.00 ,($6.49),($0.02),$96.62 ,,,0.0 BTC ,0.018661 ETH ,,0.15304967 ETH ,,,0.0 ZEC ,,,0.0 BCH ,,,0.0 LTC ,2264904883,2264904851,2017-11-19,01:25:07.496,,,,,,,
2017-11-19,01:25:07.497,Buy,ETHUSD,Market,Taker,25.00 ,($4.49),($0.01),$92.12 ,,,0.0 BTC ,0.012917 ETH ,,0.16596667 ETH ,,,0.0 ZEC ,,,0.0 BCH ,,,0.0 LTC ,2264904881,2264904851,2017-11-19,01:25:07.496,,,,,,,
2017-11-19,01:25:07.497,Buy,ETHUSD,Market,Taker,25.00 ,($6.49),($0.02),$85.61 ,,,0.0 BTC ,0.018658 ETH ,,0.18462467 ETH ,,,0.0 ZEC ,,,0.0 BCH ,,,0.0 LTC ,2264904879,2264904851,2017-11-19,01:25:07.496,,,,,,,
2017-11-19,01:25:07.497,Buy,ETHUSD,Market,Taker,25.00 ,($6.49),($0.02),$79.10 ,,,0.0 BTC ,0.018666 ETH ,,0.20329067 ETH ,,,0.0 ZEC ,,,0.0 BCH ,,,0.0 LTC ,2264904877,2264904851,2017-11-19,01:25:07.496,,,,,,,
2017-11-19,01:25:07.497,Buy,ETHUSD,Market,Taker,25.00 ,($4.49),($0.01),$74.59 ,,,0.0 BTC ,0.012922 ETH ,,0.21621267 ETH ,,,0.0 ZEC ,,,0.0 BCH ,,,0.0 LTC ,2264904875,2264904851,2017-11-19,01:25:07.496,,,,,,,
2017-11-19,01:25:07.497,Buy,ETHUSD,Market,Taker,25.00 ,($5.49),($0.01),$69.09 ,,,0.0 BTC ,0.01579 ETH ,,0.23200267 ETH ,,,0.0 ZEC ,,,0.0 BCH ,,,0.0 LTC ,2264904873,2264904851,2017-11-19,01:25:07.496,,,,,,,
2017-11-19,01:25:07.497,Buy,ETHUSD,Market,Taker,25.00 ,($6.49),($0.02),$62.58 ,,,0.0 BTC ,0.018668 ETH ,,0.25067067 ETH ,,,0.0 ZEC ,,,0.0 BCH ,,,0.0 LTC ,2264904871,2264904851,2017-11-19,01:25:07.496,,,,,,,
2017-11-19,01:25:07.497,Buy,ETHUSD,Market,Taker,25.00 ,($6.49),($0.02),$56.07 ,,,0.0 BTC ,0.018663 ETH ,,0.26933367 ETH ,,,0.0 ZEC ,,,0.0 BCH ,,,0.0 LTC ,2264904869,2264904851,2017-11-19,01:25:07.496,,,,,,,
2017-11-19,01:25:07.497,Buy,ETHUSD,Market,Taker,25.00 ,($5.49),($0.01),$50.56 ,,,0.0 BTC ,0.015794 ETH ,,0.28512767 ETH ,,,0.0 ZEC ,,,0.0 BCH ,,,0.0 LTC ,2264904867,2264904851,2017-11-19,01:25:07.496,,,,,,,
2017-11-19,01:25:07.497,Buy,ETHUSD,Market,Taker,25.00 ,($5.49),($0.01),$45.06 ,,,0.0 BTC ,0.015795 ETH ,,0.30092267 ETH ,,,0.0 ZEC ,,,0.0 BCH ,,,0.0 LTC ,2264904865,2264904851,2017-11-19,01:25:07.496,,,,,,,
2017-11-19,01:25:07.497,Buy,ETHUSD,Market,Taker,25.00 ,($4.49),($0.01),$40.55 ,,,0.0 BTC ,0.012928 ETH ,,0.31385067 ETH ,,,0.0 ZEC ,,,0.0 BCH ,,,0.0 LTC ,2264904863,2264904851,2017-11-19,01:25:07.496,,,,,,,
2017-11-19,01:25:07.497,Buy,ETHUSD,Market,Taker,25.00 ,($7.49),($0.02),$33.04 ,,,0.0 BTC ,0.021553 ETH ,,0.33540367 ETH ,,,0.0 ZEC ,,,0.0 BCH ,,,0.0 LTC ,2264904861,2264904851,2017-11-19,01:25:07.496,,,,,,,
2017-11-19,01:25:07.497,Buy,ETHUSD,Market,Taker,25.00 ,($14.48),($0.04),$18.53 ,,,0.0 BTC ,0.04168 ETH ,,0.37708367 ETH ,,,0.0 ZEC ,,,0.0 BCH ,,,0.0 LTC ,2264904859,2264904851,2017-11-19,01:25:07.496,,,,,,,
2017-11-19,01:25:07.497,Buy,ETHUSD,Market,Taker,25.00 ,($6.49),($0.02),$12.02 ,,,0.0 BTC ,0.018685 ETH ,,0.39576867 ETH ,,,0.0 ZEC ,,,0.0 BCH ,,,0.0 LTC ,2264904857,2264904851,2017-11-19,01:25:07.496,,,,,,,
2017-11-19,01:25:07.497,Buy,ETHUSD,Market,Taker,25.00 ,($4.49),($0.01),$7.51 ,,,0.0 BTC ,0.012933 ETH ,,0.40870167 ETH ,,,0.0 ZEC ,,,0.0 BCH ,,,0.0 LTC ,2264904855,2264904851,2017-11-19,01:25:07.496,,,,,,,
2017-11-19,01:25:07.497,Buy,ETHUSD,Market,Taker,25.00 ,($7.49),($0.02),$0.00 ,,,0.0 BTC ,0.021566 ETH ,,0.43026767 ETH ,,,0.0 ZEC ,,,0.0 BCH ,,,0.0 LTC ,2264904853,2264904851,2017-11-19,01:25:07.496,,,,,,,
2017-11-23,02:02:33.830,Debit,ETH,Withdrawal (ETH),,,,,$0.00 ,,,0.0 BTC ,(0.43026767 ETH),0.0 ETH ,0.0 ETH ,,,0.0 ZEC ,,,0.0 BCH ,,,0.0 LTC ,,,,,,,0e02529eeae1083429bff5e1e695a189dd508697d2b6fdc41909cfab2f5d7b2e,,,0xaa3f6f9abd36cccd008dbec727932cda85af4b63,
2017-12-07,04:17:52.215,Credit,USD,Deposit (Instant ACH Transfer),,,$151.00 ,,$151.00 ,,,0.0 BTC ,,,0.0 ETH ,,,0.0 ZEC ,,,0.0 BCH ,,,0.0 LTC ,,,,,,,,,,,
2017-12-07,04:20:26.340,Buy,ETHUSD,Limit,Taker,25.00 ,($149.78),($0.37),$0.85 ,,,0.0 BTC ,0.344827 ETH ,,0.344827 ETH ,,,0.0 ZEC ,,,0.0 BCH ,,,0.0 LTC ,2416956987,2416956985,2017-12-07,04:20:27.606,,,,,,,
2017-12-14,05:44:00.739,Debit,ETH,Withdrawal (ETH),,,,,$0.85 ,,,0.0 BTC ,(0.344827 ETH),0.0 ETH ,0.0 ETH ,,,0.0 ZEC ,,,0.0 BCH ,,,0.0 LTC ,,,,,,,d1fce6fa4a2e448331e1a8064532f67499932e24a462f166f909dd478a7ddac3,,,0xaa3f6f9abd36cccd008dbec727932cda85af4b63,
2017-12-19,07:01:11.896,Credit,USD,Deposit (Instant ACH Transfer),,,$251.00 ,,$251.85 ,,,0.0 BTC ,,,0.0 ETH ,,,0.0 ZEC ,,,0.0 BCH ,,,0.0 LTC ,,,,,,,,,,,
2017-12-19,07:02:36.833,Buy,ETHUSD,Market,Taker,25.00 ,($223.38),($0.56),$27.91 ,,,0.0 BTC ,0.26658682 ETH ,,0.26658682 ETH ,,,0.0 ZEC ,,,0.0 BCH ,,,0.0 LTC ,2500530031,2500530025,2017-12-19,07:02:36.833,,,,,,,
2017-12-19,07:02:36.833,Buy,ETHUSD,Market,Taker,25.00 ,($14.50),($0.04),$13.37 ,,,0.0 BTC ,0.017303 ETH ,,0.28388982 ETH ,,,0.0 ZEC ,,,0.0 BCH ,,,0.0 LTC ,2500530029,2500530025,2017-12-19,07:02:36.833,,,,,,,
2017-12-19,07:02:36.833,Buy,ETHUSD,Market,Taker,25.00 ,($12.50),($0.03),$0.85 ,,,0.0 BTC ,0.014915 ETH ,,0.29880482 ETH ,,,0.0 ZEC ,,,0.0 BCH ,,,0.0 LTC ,2500530027,2500530025,2017-12-19,07:02:36.833,,,,,,,
2017-12-21,08:27:38.059,Credit,USD,Deposit (Instant ACH Transfer),,,$500.00 ,,$500.85 ,,,0.0 BTC ,,,0.29880482 ETH ,,,0.0 ZEC ,,,0.0 BCH ,,,0.0 LTC ,,,,,,,,,,,
2017-12-21,08:28:21.000,Buy,ETHUSD,Market,Taker,25.00 ,($498.75),($1.25),$0.85 ,,,0.0 BTC ,0.60206798 ETH ,,0.9008728 ETH ,,,0.0 ZEC ,,,0.0 BCH ,,,0.0 LTC ,2512187267,2512187265,2017-12-21,08:28:20.999,,,,,,,
2017-12-29,00:08:08.792,Debit,ETH,Withdrawal (ETH),,,,,$0.85 ,,,0.0 BTC ,(0.9008728 ETH),0.0 ETH ,0.0 ETH ,,,0.0 ZEC ,,,0.0 BCH ,,,0.0 LTC ,,,,,,,7b98622d8aa1fc28f44670960b4ce204e9f8acaa50583a30d2b8dcadbe567076,,,0xaa3f6f9abd36cccd008dbec727932cda85af4b63,
2018-01-17,10:45:55.393,Credit,USD,Deposit (Instant ACH Transfer),,,$125.00 ,,$125.85 ,,,0.0 BTC ,,,0.0 ETH ,,,0.0 ZEC ,,,0.0 BCH ,,,0.0 LTC ,,,,,,,,,,,
2018-01-17,10:47:25.695,Buy,ETHUSD,Market,Taker,25.00 ,($124.69),($0.31),$0.85 ,,,0.0 BTC ,0.13691777 ETH ,,0.13691777 ETH ,,,0.0 ZEC ,,,0.0 BCH ,,,0.0 LTC ,2761899632,2761899630,2018-01-17,10:47:25.694,,,,,,,
2018-01-24,09:25:45.934,Debit,ETH,Withdrawal (ETH),,,,,$0.85 ,,,0.0 BTC ,(0.13691777 ETH),0.0 ETH ,0.0 ETH ,,,0.0 ZEC ,,,0.0 BCH ,,,0.0 LTC ,,,,,,,078cf524ab7445faa6045a0a6e53cd4df7d4075fe43da8b8d7da85f42b66fa54,,,0xaa3f6f9abd36cccd008dbec727932cda85af4b63,
2018-02-02,08:34:04.272,Credit,USD,Deposit (Instant ACH Transfer),,,$300.00 ,,$300.85 ,,,0.0 BTC ,,,0.0 ETH ,,,0.0 ZEC ,,,0.0 BCH ,,,0.0 LTC ,,,,,,,,,,,
2018-02-02,10:19:14.006,Buy,ETHUSD,Limit,Maker,25.00 ,($300.00),($0.75),$0.10 ,,,0.0 BTC ,0.352941 ETH ,,0.352941 ETH ,,,0.0 ZEC ,,,0.0 BCH ,,,0.0 LTC ,2920212215,2920208886,2018-02-02,10:18:46.806,,,,,,,
2018-02-10,10:50:30.894,Debit,ETH,Withdrawal (ETH),,,,,$0.10 ,,,0.0 BTC ,(0.352941 ETH),0.0 ETH ,0.0 ETH ,,,0.0 ZEC ,,,0.0 BCH ,,,0.0 LTC ,,,,,,,19862d7f9fa797fad2cc0aabc7fcfebd194064abd089c69ea7a5f1ab960fbedf,,,0xaa3f6f9abd36cccd008dbec727932cda85af4b63,
2018-02-14,10:44:41.682,Credit,USD,Deposit (Instant ACH Transfer),,,$300.00 ,,$300.10 ,,,0.0 BTC ,,,0.0 ETH ,,,0.0 ZEC ,,,0.0 BCH ,,,0.0 LTC ,,,,,,,,,,,
2018-02-14,10:47:34.475,Buy,BTCUSD,Market,Taker,25.00 ,($279.10),($0.70),$20.30 ,0.03162402 BTC ,,0.03162402 BTC ,,,0.0 ETH ,,,0.0 ZEC ,,,0.0 BCH ,,,0.0 LTC ,3041142499,3041142495,2018-02-14,10:47:34.474,,,,,,,
2018-02-14,10:47:34.475,Buy,BTCUSD,Market,Taker,25.00 ,($19.50),($0.05),$0.76 ,0.00220921 BTC ,,0.03383323 BTC ,,,0.0 ETH ,,,0.0 ZEC ,,,0.0 BCH ,,,0.0 LTC ,3041142497,3041142495,2018-02-14,10:47:34.474,,,,,,,
2018-02-21,23:19:41.946,Credit,USD,Deposit (Instant ACH Transfer),,,$300.00 ,,$300.76 ,,,0.03383323 BTC ,,,0.0 ETH ,,,0.0 ZEC ,,,0.0 BCH ,,,0.0 LTC ,,,,,,,,,,,
2018-02-25,08:21:38.471,Buy,BTCUSD,Limit,Maker,25.00 ,($299.99),($0.75),$0.02 ,0.0307682 BTC ,,0.06460143 BTC ,,,0.0 ETH ,,,0.0 ZEC ,,,0.0 BCH ,,,0.0 LTC ,3136578640,3136576999,2018-02-25,08:21:23.885,,,,,,,
2018-03-23,06:24:08.837,Buy,ETHBTC,Limit,Taker,25.00 ,,,$0.02 ,(0.062 BTC),(0.000155 BTC),0.00244643 BTC ,1.0 ETH ,,1.0 ETH ,,,0.0 ZEC ,,,0.0 BCH ,,,0.0 LTC ,3332832541,3332832539,2018-03-23,06:24:08.832,,,,,,,
2018-03-23,06:28:26.053,Debit,ETH,Withdrawal (ETH),,,,,$0.02 ,,,0.00244643 BTC ,(1.0 ETH),0.0 ETH ,0.0 ETH ,,,0.0 ZEC ,,,0.0 BCH ,,,0.0 LTC ,,,,,,,9d4e37b1832a4a17e87f23eb2e4bf39e8bff6aeb52ccc7a27b59fb38bfa04e9a,,,0xf0bee096eb5b65b47b67c29ec8090394ae5a953b,
2018-04-17,08:32:28.633,Buy,ETHBTC,Limit,Taker,100.00 ,,,$0.02 ,(0.00241999 BTC),(0.0000242 BTC),0.00000225 BTC ,0.038297 ETH ,,0.038297 ETH ,,,0.0 ZEC ,,,0.0 BCH ,,,0.0 LTC ,3518320503,3518320501,2018-04-17,08:32:28.633,,,,,,,
2018-04-17,08:34:08.065,Debit,ETH,Withdrawal (ETH),,,,,$0.02 ,,,0.00000225 BTC ,(0.038297 ETH),0.0 ETH ,0.0 ETH ,,,0.0 ZEC ,,,0.0 BCH ,,,0.0 LTC ,,,,,,,1525a3486036fac53d7013fef80689b6f214be30736318ddbc95d8c9e935abc7,,,0xaa3f6f9abd36cccd008dbec727932cda85af4b63,
2018-04-17,08:36:47.482,Credit,USD,Deposit (Instant ACH Transfer),,,$150.00 ,,$150.02 ,,,0.00000225 BTC ,,,0.0 ETH ,,,0.0 ZEC ,,,0.0 BCH ,,,0.0 LTC ,,,,,,,,,,,
2018-04-17,08:37:18.876,Buy,ETHUSD,Market,Taker,100.00 ,($16.54),($0.17),$133.31 ,,,0.00000225 BTC ,0.03203812 ETH ,,0.03203812 ETH ,,,0.0 ZEC ,,,0.0 BCH ,,,0.0 LTC ,3518343791,3518343761,2018-04-17,08:37:18.876,,,,,,,
2018-04-17,08:37:18.876,Buy,ETHUSD,Market,Taker,100.00 ,($7.50),($0.07),$125.74 ,,,0.00000225 BTC ,0.01453 ETH ,,0.04656812 ETH ,,,0.0 ZEC ,,,0.0 BCH ,,,0.0 LTC ,3518343789,3518343761,2018-04-17,08:37:18.876,,,,,,,
2018-04-17,08:37:18.876,Buy,ETHUSD,Market,Taker,100.00 ,($9.50),($0.09),$116.15 ,,,0.00000225 BTC ,0.018402 ETH ,,0.06497012 ETH ,,,0.0 ZEC ,,,0.0 BCH ,,,0.0 LTC ,3518343787,3518343761,2018-04-17,08:37:18.876,,,,,,,
2018-04-17,08:37:18.876,Buy,ETHUSD,Market,Taker,100.00 ,($9.50),($0.09),$106.55 ,,,0.00000225 BTC ,0.018407 ETH ,,0.08337712 ETH ,,,0.0 ZEC ,,,0.0 BCH ,,,0.0 LTC ,3518343785,3518343761,2018-04-17,08:37:18.876,,,,,,,
2018-04-17,08:37:18.876,Buy,ETHUSD,Market,Taker,100.00 ,($5.50),($0.05),$101.00 ,,,0.00000225 BTC ,0.010653 ETH ,,0.09403012 ETH ,,,0.0 ZEC ,,,0.0 BCH ,,,0.0 LTC ,3518343783,3518343761,2018-04-17,08:37:18.876,,,,,,,
2018-04-17,08:37:18.876,Buy,ETHUSD,Market,Taker,100.00 ,($12.50),($0.12),$88.38 ,,,0.00000225 BTC ,0.024218 ETH ,,0.11824812 ETH ,,,0.0 ZEC ,,,0.0 BCH ,,,0.0 LTC ,3518343781,3518343761,2018-04-17,08:37:18.876,,,,,,,
2018-04-17,08:37:18.876,Buy,ETHUSD,Market,Taker,100.00 ,($7.50),($0.07),$80.81 ,,,0.00000225 BTC ,0.014527 ETH ,,0.13277512 ETH ,,,0.0 ZEC ,,,0.0 BCH ,,,0.0 LTC ,3518343779,3518343761,2018-04-17,08:37:18.876,,,,,,,
2018-04-17,08:37:18.876,Buy,ETHUSD,Market,Taker,100.00 ,($10.50),($0.10),$70.20 ,,,0.00000225 BTC ,0.020341 ETH ,,0.15311612 ETH ,,,0.0 ZEC ,,,0.0 BCH ,,,0.0 LTC ,3518343777,3518343761,2018-04-17,08:37:18.876,,,,,,,
2018-04-17,08:37:18.876,Buy,ETHUSD,Market,Taker,100.00 ,($8.50),($0.08),$61.62 ,,,0.00000225 BTC ,0.016471 ETH ,,0.16958712 ETH ,,,0.0 ZEC ,,,0.0 BCH ,,,0.0 LTC ,3518343775,3518343761,2018-04-17,08:37:18.876,,,,,,,
2018-04-17,08:37:18.876,Buy,ETHUSD,Market,Taker,100.00 ,($11.50),($0.11),$50.00 ,,,0.00000225 BTC ,0.022284 ETH ,,0.19187112 ETH ,,,0.0 ZEC ,,,0.0 BCH ,,,0.0 LTC ,3518343773,3518343761,2018-04-17,08:37:18.876,,,,,,,
2018-04-17,08:37:18.876,Buy,ETHUSD,Market,Taker,100.00 ,($9.50),($0.09),$40.41 ,,,0.00000225 BTC ,0.018408 ETH ,,0.21027912 ETH ,,,0.0 ZEC ,,,0.0 BCH ,,,0.0 LTC ,3518343771,3518343761,2018-04-17,08:37:18.876,,,,,,,
2018-04-17,08:37:18.876,Buy,ETHUSD,Market,Taker,100.00 ,($12.50),($0.12),$27.79 ,,,0.00000225 BTC ,0.024222 ETH ,,0.23450112 ETH ,,,0.0 ZEC ,,,0.0 BCH ,,,0.0 LTC ,3518343769,3518343761,2018-04-17,08:37:18.876,,,,,,,
2018-04-17,08:37:18.876,Buy,ETHUSD,Market,Taker,100.00 ,($4.50),($0.04),$23.24 ,,,0.00000225 BTC ,0.00872 ETH ,,0.24322112 ETH ,,,0.0 ZEC ,,,0.0 BCH ,,,0.0 LTC ,3518343767,3518343761,2018-04-17,08:37:18.876,,,,,,,
2018-04-17,08:37:18.876,Buy,ETHUSD,Market,Taker,100.00 ,($10.50),($0.10),$12.64 ,,,0.00000225 BTC ,0.020348 ETH ,,0.26356912 ETH ,,,0.0 ZEC ,,,0.0 BCH ,,,0.0 LTC ,3518343765,3518343761,2018-04-17,08:37:18.876,,,,,,,
2018-04-17,08:37:18.876,Buy,ETHUSD,Market,Taker,100.00 ,($12.50),($0.12),$0.02 ,,,0.00000225 BTC ,0.024227 ETH ,,0.28779612 ETH ,,,0.0 ZEC ,,,0.0 BCH ,,,0.0 LTC ,3518343763,3518343761,2018-04-17,08:37:18.876,,,,,,,
2018-04-24,18:13:54.570,Sell,ETHUSD,Limit,Taker,100.00 ,$202.61 ,($2.03),$200.60 ,,,0.00000225 BTC ,(0.287796 ETH),,0.00000012 ETH ,,,0.0 ZEC ,,,0.0 BCH ,,,0.0 LTC ,3568282442,3568282440,2018-04-24,18:13:54.569,,,,,,,
2018-04-25,05:59:28.078,Buy,ETHUSD,Limit,Taker,100.00 ,($197.31),($1.97),$1.31 ,,,0.00000225 BTC ,0.3 ETH ,,0.30000012 ETH ,,,0.0 ZEC ,,,0.0 BCH ,,,0.0 LTC ,3572845286,3572845284,2018-04-25,05:59:28.077,,,,,,,
2018-04-26,01:35:56.135,Debit,ETH,Withdrawal (ETH),,,,,$1.31 ,,,0.00000225 BTC ,(0.30000012 ETH),0.0 ETH ,0.0 ETH ,,,0.0 ZEC ,,,0.0 BCH ,,,0.0 LTC ,,,,,,,640c2c47f737f67da5ce19c5ae0df1fa4e56b9268ce0512d977036d66e467e94,,,0xaa3f6f9abd36cccd008dbec727932cda85af4b63,
2018-05-04,01:21:42.785,Credit,USD,Deposit (Instant ACH Transfer),,,$200.00 ,,$201.31 ,,,0.00000225 BTC ,,,0.0 ETH ,,,0.0 ZEC ,,,0.0 BCH ,,,0.0 LTC ,,,,,,,,,,,
2018-05-04,01:23:47.018,Buy,ETHUSD,Limit,Taker,100.00 ,($198.94),($1.99),$0.38 ,,,0.00000225 BTC ,0.258441 ETH ,,0.258441 ETH ,,,0.0 ZEC ,,,0.0 BCH ,,,0.0 LTC ,3625907774,3625907772,2018-05-04,01:23:47.016,,,,,,,
2018-05-09,07:13:04.502,Credit,USD,Deposit (Instant ACH Transfer),,,$100.00 ,,$100.38 ,,,0.00000225 BTC ,,,0.258441 ETH ,,,0.0 ZEC ,,,0.0 BCH ,,,0.0 LTC ,,,,,,,,,,,
2018-05-09,07:15:47.846,Buy,ETHUSD,Limit,Taker,100.00 ,($49.94),($0.50),$49.94 ,,,0.00000225 BTC ,0.069166 ETH ,,0.327607 ETH ,,,0.0 ZEC ,,,0.0 BCH ,,,0.0 LTC ,3653995610,3653995608,2018-05-09,07:15:47.845,,,,,,,
2018-05-09,08:12:36.699,Buy,ETHUSD,Limit,Taker,100.00 ,($49.36),($0.49),$0.09 ,,,0.00000225 BTC ,0.068706 ETH ,,0.396313 ETH ,,,0.0 ZEC ,,,0.0 BCH ,,,0.0 LTC ,3654180849,3654180845,2018-05-09,08:12:36.699,,,,,,,
2018-05-10,17:22:00.946,Sell,ETHUSD,Limit,Taker,100.00 ,$100.03 ,($1.00),$99.12 ,,,0.00000225 BTC ,(0.135099 ETH),,0.261214 ETH ,,,0.0 ZEC ,,,0.0 BCH ,,,0.0 LTC ,3661518663,3661518661,2018-05-10,17:22:00.945,,,,,,,
2018-05-11,07:57:17.232,Buy,ETHUSD,Limit,Taker,100.00 ,($36.50),($0.37),$62.25 ,,,0.00000225 BTC ,0.052523 ETH ,,0.313737 ETH ,,,0.0 ZEC ,,,0.0 BCH ,,,0.0 LTC ,3665358941,3665358929,2018-05-11,07:57:17.232,,,,,,,
2018-05-11,07:57:17.232,Buy,ETHUSD,Limit,Taker,100.00 ,($9.50),($0.09),$52.66 ,,,0.00000225 BTC ,0.013668 ETH ,,0.327405 ETH ,,,0.0 ZEC ,,,0.0 BCH ,,,0.0 LTC ,3665358939,3665358929,2018-05-11,07:57:17.232,,,,,,,
2018-05-11,07:57:17.232,Buy,ETHUSD,Limit,Taker,100.00 ,($10.50),($0.10),$42.06 ,,,0.00000225 BTC ,0.015104 ETH ,,0.342509 ETH ,,,0.0 ZEC ,,,0.0 BCH ,,,0.0 LTC ,3665358937,3665358929,2018-05-11,07:57:17.232,,,,,,,
2018-05-11,07:57:17.232,Buy,ETHUSD,Limit,Taker,100.00 ,($12.50),($0.12),$29.43 ,,,0.00000225 BTC ,0.017985 ETH ,,0.360494 ETH ,,,0.0 ZEC ,,,0.0 BCH ,,,0.0 LTC ,3665358935,3665358929,2018-05-11,07:57:17.232,,,,,,,
2018-05-11,07:57:17.232,Buy,ETHUSD,Limit,Taker,100.00 ,($13.50),($0.13),$15.80 ,,,0.00000225 BTC ,0.019422 ETH ,,0.379916 ETH ,,,0.0 ZEC ,,,0.0 BCH ,,,0.0 LTC ,3665358933,3665358929,2018-05-11,07:57:17.232,,,,,,,
2018-05-11,07:57:17.232,Buy,ETHUSD,Limit,Taker,100.00 ,($15.50),($0.15),$0.15 ,,,0.00000225 BTC ,0.022298 ETH ,,0.402214 ETH ,,,0.0 ZEC ,,,0.0 BCH ,,,0.0 LTC ,3665358931,3665358929,2018-05-11,07:57:17.232,,,,,,,
2018-05-23,09:13:39.230,Credit,USD,Deposit (Instant ACH Transfer),,,$150.00 ,,$150.15 ,,,0.00000225 BTC ,,,0.402214 ETH ,,,0.0 ZEC ,,,0.0 BCH ,,,0.0 LTC ,,,,,,,,,,,
2018-05-23,16:04:45.120,Buy,ETHUSD,Limit,Maker,100.00 ,($148.50),($1.48),$0.16 ,,,0.00000225 BTC ,0.250839 ETH ,,0.653053 ETH ,,,0.0 ZEC ,,,0.0 BCH ,,,0.0 LTC ,3738031542,3735459011,2018-05-23,09:16:10.112,,,,,,,
2018-05-23,16:05:01.205,Buy,ETHUSD,Limit,Maker,100.00 ,($0.00),($0.00),$0.16 ,,,0.00000225 BTC ,0.000005 ETH ,,0.653058 ETH ,,,0.0 ZEC ,,,0.0 BCH ,,,0.0 LTC ,3738035166,3735459011,2018-05-23,09:16:10.112,,,,,,,
2018-05-26,08:35:52.230,Credit,USD,Deposit (Instant ACH Transfer),,,$153.00 ,,$153.16 ,,,0.00000225 BTC ,,,0.653058 ETH ,,,0.0 ZEC ,,,0.0 BCH ,,,0.0 LTC ,,,,,,,,,,,
2018-05-26,08:36:45.227,Buy,ETHUSD,Limit,Taker,100.00 ,($149.90),($1.50),$1.77 ,,,0.00000225 BTC ,0.25 ETH ,,0.903058 ETH ,,,0.0 ZEC ,,,0.0 BCH ,,,0.0 LTC ,3763412760,3763412758,2018-05-26,08:36:45.227,,,,,,,
2018-06-01,03:07:38.729,Sell,ETHUSD,Limit,Maker,100.00 ,$514.71 ,($5.15),$511.33 ,,,0.00000225 BTC ,(0.903 ETH),,0.000058 ETH ,,,0.0 ZEC ,,,0.0 BCH ,,,0.0 LTC ,3810889917,3810868812,2018-06-01,03:05:18.273,,,,,,,
2018-06-01,03:07:38.835,Sell,ETHUSD,Limit,Maker,100.00 ,$0.03 ,($0.00),$511.36 ,,,0.00000225 BTC ,(0.000058 ETH),,0.0 ETH ,,,0.0 ZEC ,,,0.0 BCH ,,,0.0 LTC ,3810889972,3810868812,2018-06-01,03:05:18.273,,,,,,,
2018-06-02,22:29:34.306,Buy,ETHUSD,Limit,Taker,100.00 ,($409.52),($4.10),$97.75 ,,,0.00000225 BTC ,0.689028 ETH ,,0.689028 ETH ,,,0.0 ZEC ,,,0.0 BCH ,,,0.0 LTC ,3823610415,3823610393,2018-06-02,22:29:34.306,,,,,,,
2018-06-02,22:29:34.306,Buy,ETHUSD,Limit,Taker,100.00 ,($12.50),($0.12),$85.13 ,,,0.00000225 BTC ,0.021029 ETH ,,0.710057 ETH ,,,0.0 ZEC ,,,0.0 BCH ,,,0.0 LTC ,3823610413,3823610393,2018-06-02,22:29:34.306,,,,,,,
2018-06-02,22:29:34.306,Buy,ETHUSD,Limit,Taker,100.00 ,($10.50),($0.10),$74.52 ,,,0.00000225 BTC ,0.017666 ETH ,,0.727723 ETH ,,,0.0 ZEC ,,,0.0 BCH ,,,0.0 LTC ,3823610411,3823610393,2018-06-02,22:29:34.306,,,,,,,
2018-06-02,22:29:34.306,Buy,ETHUSD,Limit,Taker,100.00 ,($9.50),($0.09),$64.93 ,,,0.00000225 BTC ,0.01598 ETH ,,0.743703 ETH ,,,0.0 ZEC ,,,0.0 BCH ,,,0.0 LTC ,3823610409,3823610393,2018-06-02,22:29:34.306,,,,,,,
2018-06-02,22:29:34.306,Buy,ETHUSD,Limit,Taker,100.00 ,($7.50),($0.07),$57.36 ,,,0.00000225 BTC ,0.012617 ETH ,,0.75632 ETH ,,,0.0 ZEC ,,,0.0 BCH ,,,0.0 LTC ,3823610407,3823610393,2018-06-02,22:29:34.306,,,,,,,
2018-06-02,22:29:34.306,Buy,ETHUSD,Limit,Taker,100.00 ,($5.50),($0.05),$51.80 ,,,0.00000225 BTC ,0.009253 ETH ,,0.765573 ETH ,,,0.0 ZEC ,,,0.0 BCH ,,,0.0 LTC ,3823610405,3823610393,2018-06-02,22:29:34.306,,,,,,,
2018-06-02,22:29:34.306,Buy,ETHUSD,Limit,Taker,100.00 ,($8.50),($0.08),$43.22 ,,,0.00000225 BTC ,0.014299 ETH ,,0.779872 ETH ,,,0.0 ZEC ,,,0.0 BCH ,,,0.0 LTC ,3823610403,3823610393,2018-06-02,22:29:34.306,,,,,,,
2018-06-02,22:29:34.306,Buy,ETHUSD,Limit,Taker,100.00 ,($7.50),($0.07),$35.64 ,,,0.00000225 BTC ,0.012618 ETH ,,0.79249 ETH ,,,0.0 ZEC ,,,0.0 BCH ,,,0.0 LTC ,3823610401,3823610393,2018-06-02,22:29:34.306,,,,,,,
2018-06-02,22:29:34.306,Buy,ETHUSD,Limit,Taker,100.00 ,($15.50),($0.15),$19.99 ,,,0.00000225 BTC ,0.026077 ETH ,,0.818567 ETH ,,,0.0 ZEC ,,,0.0 BCH ,,,0.0 LTC ,3823610399,3823610393,2018-06-02,22:29:34.306,,,,,,,
2018-06-02,22:29:34.306,Buy,ETHUSD,Limit,Taker,100.00 ,($13.50),($0.13),$6.36 ,,,0.00000225 BTC ,0.022709 ETH ,,0.841276 ETH ,,,0.0 ZEC ,,,0.0 BCH ,,,0.0 LTC ,3823610397,3823610393,2018-06-02,22:29:34.306,,,,,,,
2018-06-02,22:29:34.306,Buy,ETHUSD,Limit,Taker,100.00 ,($6.00),($0.06),$0.30 ,,,0.00000225 BTC ,0.010088 ETH ,,0.851364 ETH ,,,0.0 ZEC ,,,0.0 BCH ,,,0.0 LTC ,3823610395,3823610393,2018-06-02,22:29:34.306,,,,,,,
2018-06-09,09:28:02.192,Debit,ETH,Withdrawal (ETH),,,,,$0.30 ,,,0.00000225 BTC ,(0.26 ETH),0.0 ETH ,0.591364 ETH ,,,0.0 ZEC ,,,0.0 BCH ,,,0.0 LTC ,,,,,,,3a60a69a4e436f818473ed8cdc5c60b000590e16c5a7b96908bca39fef63cc8e,,,0xaa3f6f9abd36cccd008dbec727932cda85af4b63,
2018-06-25,07:23:39.801,Debit,ETH,Withdrawal (ETH),,,,,$0.30 ,,,0.00000225 BTC ,(0.591364 ETH),0.0 ETH ,0.0 ETH ,,,0.0 ZEC ,,,0.0 BCH ,,,0.0 LTC ,,,,,,,d8f1c81b43d70ce763278250360d7a86598e2a0b84cd3e33869cacb8ff339200,,,0xaa3f6f9abd36cccd008dbec727932cda85af4b63,
2018-07-29,00:08:25.754,Credit,BTC,Deposit (Pre-Credited BTC),,,,,$0.30 ,0.0488339 BTC ,,0.04883615 BTC ,,,0.0 ETH ,,,0.0 ZEC ,,,0.0 BCH ,,,0.0 LTC ,,,,,,,3a8cb04c4ea04dd065f6605901f4d6b6da63df43bb24da8b34f653a4a66cf7d6,12HFZeT7MpYW6Txkrg7No25wW8BBVRCocr,0,,
2018-07-29,10:53:04.798,Debit,BTC,Withdrawal (BTC),,,,,$0.30 ,(0.04883614 BTC),0.0 BTC ,0.00000001 BTC ,,,0.0 ETH ,,,0.0 ZEC ,,,0.0 BCH ,,,0.0 LTC ,,,,,,,7de340de6ccf4081a799ae3c80566fb2a9f9c1b5ae2619f61091c5971d64ee40,,,3BMEXPjHWxsmvX6RxTmojUiAednc7tiDys,0
2018-09-25,22:16:51.694,Credit,USD,Deposit (Wire Transfer),,,$800.00 ,,$800.30 ,,,0.00000001 BTC ,,,0.0 ETH ,,,0.0 ZEC ,,,0.0 BCH ,,,0.0 LTC ,,,,,,,,,,,
2018-09-25,23:46:45.184,Buy,BTCUSD,Limit,Taker,100.00 ,($791.92),($7.92),$0.46 ,0.12336448 BTC ,,0.12336449 BTC ,,,0.0 ETH ,,,0.0 ZEC ,,,0.0 BCH ,,,0.0 LTC ,4564424172,4564424170,2018-09-25,23:46:45.184,,,,,,,
2018-09-25,23:49:56.976,Debit,BTC,Withdrawal (BTC),,,,,$0.46 ,(0.12336448 BTC),0.0 BTC ,0.00000001 BTC ,,,0.0 ETH ,,,0.0 ZEC ,,,0.0 BCH ,,,0.0 LTC ,,,,,,,c6abb69b537b0b59961faaacc506ed1f1bc665fcb2a166f0051e7b7817719100,,,1Ke12RHRT1X6aKa4jqWdGRH3HLF5XCZHFv,0
2018-10-23,19:31:04.607,Credit,USD,Deposit (Instant ACH Transfer),,,$401.00 ,,$401.46 ,,,0.00000001 BTC ,,,0.0 ETH ,,,0.0 ZEC ,,,0.0 BCH ,,,0.0 LTC ,,,,,,,,,,,
2018-10-23,19:32:58.534,Buy,BTCUSD,Limit,Taker,100.00 ,($397.00),($3.97),$0.50 ,0.06201187 BTC ,,0.06201188 BTC ,,,0.0 ETH ,,,0.0 ZEC ,,,0.0 BCH ,,,0.0 LTC ,4681567450,4681567448,2018-10-23,19:32:58.534,,,,,,,
2018-10-25,01:45:15.379,Debit,USD,Returned Incoming ACH transfer,,,($401.00),,($400.50),,,0.06201188 BTC ,,,0.0 ETH ,,,0.0 ZEC ,,,0.0 BCH ,,,0.0 LTC ,,,,,,,,,,,
2018-10-29,23:30:46.321,Credit,USD,Deposit (Wire Transfer),,,$401.00 ,,$0.50 ,,,0.06201188 BTC ,,,0.0 ETH ,,,0.0 ZEC ,,,0.0 BCH ,,,0.0 LTC ,,,,,,,,,,,
2018-11-19,08:37:20.516,Debit,BTC,Withdrawal (BTC),,,,,$0.50 ,(0.06201187 BTC),0.0 BTC ,0.00000001 BTC ,,,0.0 ETH ,,,0.0 ZEC ,,,0.0 BCH ,,,0.0 LTC ,,,,,,,647b49f8f8bf93cf130355e333d97379a86d0f4e58f78a43b19fc2683b19a7b4,,,3BMEXjeAnf1kCyENPsqeqicniENkvqmYMT,0
2019-02-20,11:00:12.387,Credit,USD,Deposit (Instant ACH Transfer),,,$500.00 ,,$500.50 ,,,0.00000001 BTC ,,,0.0 ETH ,,,0.0 ZEC ,,,0.0 BCH ,,,0.0 LTC ,,,,,,,,,,,
2019-02-20,11:00:57.764,Buy,BTCUSD,Limit,Taker,100.00 ,($393.66),($3.94),$102.90 ,0.1 BTC ,,0.10000001 BTC ,,,0.0 ETH ,,,0.0 ZEC ,,,0.0 BCH ,,,0.0 LTC ,5534105106,5534105104,2019-02-20,11:00:57.764,,,,,,,
2019-02-20,11:02:04.005,Buy,ETHUSD,Limit,Taker,100.00 ,($101.67),($1.02),$0.21 ,,,0.10000001 BTC ,0.698 ETH ,,0.698 ETH ,,,0.0 ZEC ,,,0.0 BCH ,,,0.0 LTC ,5534109715,5534109713,2019-02-20,11:02:04.005,,,,,,,
2019-02-27,07:34:28.885,Debit,ETH,Withdrawal (ETH),,,,,$0.21 ,,,0.10000001 BTC ,(0.698 ETH),0.0 ETH ,0.0 ETH ,,,0.0 ZEC ,,,0.0 BCH ,,,0.0 LTC ,,,,,,,2bc765a214039caa3a31befab03bdae3bdc8fe83d485efcc76cfc421c13d72dd,,,0xf305641de4955dc5bf80c8712b4459e950a44cbb,
2019-03-07,09:33:02.823,Debit,BTC,Withdrawal (BTC),,,,,$0.21 ,(0.009 BTC),0.0 BTC ,0.09100001 BTC ,,,0.0 ETH ,,,0.0 ZEC ,,,0.0 BCH ,,,0.0 LTC ,,,,,,,838dbada96ce4311f9de244116b89d1349af8014d0f7684dcb1cd0b4572c7482,,,3BMEXjeAnf1kCyENPsqeqicniENkvqmYMT,0
2019-03-08,08:21:21.211,Debit,BTC,Withdrawal (BTC),,,,,$0.21 ,(0.091 BTC),0.0 BTC ,0.00000001 BTC ,,,0.0 ETH ,,,0.0 ZEC ,,,0.0 BCH ,,,0.0 LTC ,,,,,,,e993a8756d2ba7ba2c9f2265b228b0e6ba9148750d5191d383f9863f3ccd3ab1,,,3BMEXjeAnf1kCyENPsqeqicniENkvqmYMT,0
2019-03-29,04:48:29.798,Credit,USD,Deposit (Instant ACH Transfer),,,$250.00 ,,$250.21 ,,,0.00000001 BTC ,,,0.0 ETH ,,,0.0 ZEC ,,,0.0 BCH ,,,0.0 LTC ,,,,,,,,,,,
2019-03-29,04:50:48.470,Buy,BTCUSD,Limit,Taker,100.00 ,($27.02),($0.27),$222.92 ,0.00670998 BTC ,,0.00670999 BTC ,,,0.0 ETH ,,,0.0 ZEC ,,,0.0 BCH ,,,0.0 LTC ,5802949589,5802949585,2019-03-29,04:50:48.470,,,,,,,
2019-03-29,04:50:48.470,Buy,BTCUSD,Limit,Taker,100.00 ,($220.69),($2.21),$0.03 ,0.05480727 BTC ,,0.06151726 BTC ,,,0.0 ETH ,,,0.0 ZEC ,,,0.0 BCH ,,,0.0 LTC ,5802949587,5802949585,2019-03-29,04:50:48.470,,,,,,,
2019-04-04,19:21:35.324,Debit,BTC,Withdrawal (BTC),,,,,$0.03 ,(0.06151725 BTC),0.0 BTC ,0.00000001 BTC ,,,0.0 ETH ,,,0.0 ZEC ,,,0.0 BCH ,,,0.0 LTC ,,,,,,,df1b0a3d106bb817fc349cc0ba4f26974b4ed1bdd048039240f0ea842f4ea2c2,,,3BMEXDGnBYb5nwMXwHcgUcTDBGJTAk1aKV,0
2019-04-05,00:47:43.543,Credit,USD,Deposit (Instant ACH Transfer),,,$100.00 ,,$100.03 ,,,0.00000001 BTC ,,,0.0 ETH ,,,0.0 ZEC ,,,0.0 BCH ,,,0.0 LTC ,,,,,,,,,,,
2019-04-05,00:49:45.090,Buy,BTCUSD,Limit,Taker,100.00 ,($98.93),($0.99),$0.11 ,0.01995565 BTC ,,0.01995566 BTC ,,,0.0 ETH ,,,0.0 ZEC ,,,0.0 BCH ,,,0.0 LTC ,5901055481,5901055479,2019-04-05,00:49:45.090,,,,,,,
2019-04-06,05:18:27.352,Credit,USD,Deposit (Instant ACH Transfer),,,$100.00 ,,$100.11 ,,,0.01995566 BTC ,,,0.0 ETH ,,,0.0 ZEC ,,,0.0 BCH ,,,0.0 LTC ,,,,,,,,,,,
2019-04-06,05:19:15.524,Buy,BTCUSD,Limit,Taker,100.00 ,($98.97),($0.99),$0.15 ,0.01968973 BTC ,,0.03964539 BTC ,,,0.0 ETH ,,,0.0 ZEC ,,,0.0 BCH ,,,0.0 LTC ,5918853478,5918853476,2019-04-06,05:19:15.524,,,,,,,
2019-04-11,16:14:04.949,Debit,BTC,Withdrawal (BTC),,,,,$0.15 ,(0.01582371 BTC),0.0 BTC ,0.02382168 BTC ,,,0.0 ETH ,,,0.0 ZEC ,,,0.0 BCH ,,,0.0 LTC ,,,,,,,1ad27393e3e58bbd56ffb10a9f50c751bcc0106b6d8247cf98a8e23e33a5d0f1,,,3BMEXDGnBYb5nwMXwHcgUcTDBGJTAk1aKV,0
2019-04-12,22:21:56.826,Debit,BTC,Withdrawal (BTC),,,,,$0.15 ,(0.02382167 BTC),0.0 BTC ,0.00000001 BTC ,,,0.0 ETH ,,,0.0 ZEC ,,,0.0 BCH ,,,0.0 LTC ,,,,,,,7790bc1168afde3539ef1886b7d0274ee049315c9e41399698396e444ec037a3,,,3BMEXDGnBYb5nwMXwHcgUcTDBGJTAk1aKV,0
2019-04-13,02:11:49.708,Credit,USD,Deposit (Instant ACH Transfer),,,$130.00 ,,$130.15 ,,,0.00000001 BTC ,,,0.0 ETH ,,,0.0 ZEC ,,,0.0 BCH ,,,0.0 LTC ,,,,,,,,,,,
2019-04-13,02:12:54.836,Buy,BTCUSD,Limit,Taker,100.00 ,($128.70),($1.29),$0.16 ,0.02532664 BTC ,,0.02532665 BTC ,,,0.0 ETH ,,,0.0 ZEC ,,,0.0 BCH ,,,0.0 LTC ,6022074637,6022074635,2019-04-13,02:12:54.835,,,,,,,
2019-04-14,08:29:49.208,Credit,USD,Deposit (Instant ACH Transfer),,,$100.00 ,,$100.16 ,,,0.02532665 BTC ,,,0.0 ETH ,,,0.0 ZEC ,,,0.0 BCH ,,,0.0 LTC ,,,,,,,,,,,
2019-04-14,08:30:19.501,Buy,BTCUSD,Limit,Taker,100.00 ,($98.98),($0.99),$0.19 ,0.01956908 BTC ,,0.04489573 BTC ,,,0.0 ETH ,,,0.0 ZEC ,,,0.0 BCH ,,,0.0 LTC ,6032992831,6032992829,2019-04-14,08:30:19.501,,,,,,,
2019-04-16,04:09:01.383,Credit,USD,Deposit (Instant ACH Transfer),,,$120.00 ,,$120.19 ,,,0.04489573 BTC ,,,0.0 ETH ,,,0.0 ZEC ,,,0.0 BCH ,,,0.0 LTC ,,,,,,,,,,,
2019-04-16,04:13:52.398,Buy,BTCUSD,Limit,Maker,100.00 ,($118.99),($1.19),$0.01 ,0.02352045 BTC ,,0.06841618 BTC ,,,0.0 ETH ,,,0.0 ZEC ,,,0.0 BCH ,,,0.0 LTC ,6052134111,6052129628,2019-04-16,04:12:46.261,,,,,,,
2019-04-19,17:33:54.069,Debit,BTC,Withdrawal (BTC),,,,,$0.01 ,(0.0411142 BTC),0.0 BTC ,0.02730198 BTC ,,,0.0 ETH ,,,0.0 ZEC ,,,0.0 BCH ,,,0.0 LTC ,,,,,,,468673d53b459e96b45061342295290b3ce6bf7a4310880b45d101ff0b952d3e,,,3BMEXDGnBYb5nwMXwHcgUcTDBGJTAk1aKV,0
2019-04-22,18:29:42.131,Debit,BTC,Withdrawal (BTC),,,,,$0.01 ,(0.02730197 BTC),0.0 BTC ,0.00000001 BTC ,,,0.0 ETH ,,,0.0 ZEC ,,,0.0 BCH ,,,0.0 LTC ,,,,,,,7b960b1d5419ce004decfcff1c83b31608f2c8df1fb01b94e76199052fc4ee09,,,3BMEXDGnBYb5nwMXwHcgUcTDBGJTAk1aKV,0
2019-04-28,05:24:10.351,Credit,USD,Deposit (Instant ACH Transfer),,,$207.00 ,,$207.01 ,,,0.00000001 BTC ,,,0.0 ETH ,,,0.0 ZEC ,,,0.0 BCH ,,,0.0 LTC ,,,,,,,,,,,
2019-04-28,05:25:13.238,Buy,BTCUSD,Limit,Taker,100.00 ,($204.90),($2.05),$0.06 ,0.03968054 BTC ,,0.03968055 BTC ,,,0.0 ETH ,,,0.0 ZEC ,,,0.0 BCH ,,,0.0 LTC ,6171394456,6171394454,2019-04-28,05:25:13.237,,,,,,,
2019-04-30,06:25:05.093,Credit,USD,Deposit (Instant ACH Transfer),,,$116.00 ,,$116.06 ,,,0.03968055 BTC ,,,0.0 ETH ,,,0.0 ZEC ,,,0.0 BCH ,,,0.0 LTC ,,,,,,,,,,,
2019-04-30,06:26:59.582,Buy,BTCUSD,Limit,Taker,100.00 ,($15.00),($0.15),$100.92 ,0.00291205 BTC ,,0.0425926 BTC ,,,0.0 ETH ,,,0.0 ZEC ,,,0.0 BCH ,,,0.0 LTC ,6192569790,6192569788,2019-04-30,06:26:59.582,,,,,,,
2019-04-30,06:27:40.140,Buy,ETHUSD,Limit,Taker,100.00 ,($99.61),($1.00),$0.31 ,,,0.0425926 BTC ,0.64458 ETH ,,0.64458 ETH ,,,0.0 ZEC ,,,0.0 BCH ,,,0.0 LTC ,6192573545,6192573543,2019-04-30,06:27:40.140,,,,,,,
2019-05-01,06:54:06.656,Credit,USD,Deposit (Instant ACH Transfer),,,$67.37 ,,$67.68 ,,,0.0425926 BTC ,,,0.64458 ETH ,,,0.0 ZEC ,,,0.0 BCH ,,,0.0 LTC ,,,,,,,,,,,
2019-05-01,06:54:44.769,Buy,ETHUSD,Limit,Taker,100.00 ,($67.00),($0.67),$0.01 ,,,0.0425926 BTC ,0.418096 ETH ,,1.062676 ETH ,,,0.0 ZEC ,,,0.0 BCH ,,,0.0 LTC ,6204213743,6204213741,2019-05-01,06:54:44.769,,,,,,,
2019-05-06,19:15:49.682,Debit,BTC,Withdrawal (BTC),,,,,$0.01 ,(0.02848847 BTC),0.0 BTC ,0.01410413 BTC ,,,1.062676 ETH ,,,0.0 ZEC ,,,0.0 BCH ,,,0.0 LTC ,,,,,,,079191e85f9ac7c832190f8f4c4865f0da5233fd8a417166b7706539a2a73d4c,,,3BMEXDGnBYb5nwMXwHcgUcTDBGJTAk1aKV,1
2019-05-06,20:16:23.083,Sell,ETHBTC,Limit,Maker,100.00 ,,,$0.01 ,0.00144989 BTC ,(0.0000145 BTC),0.01553951 BTC ,(0.047851 ETH),,1.014825 ETH ,,,0.0 ZEC ,,,0.0 BCH ,,,0.0 LTC ,6278290484,6278289753,2019-05-06,20:16:18.687,,,,,,,
2019-05-06,20:16:24.114,Sell,ETHBTC,Limit,Maker,100.00 ,,,$0.01 ,0.00284187 BTC ,(0.00002842 BTC),0.01835296 BTC ,(0.093791 ETH),,0.921034 ETH ,,,0.0 ZEC ,,,0.0 BCH ,,,0.0 LTC ,6278290638,6278289753,2019-05-06,20:16:18.687,,,,,,,
2019-05-06,20:18:15.082,Sell,ETHBTC,Limit,Taker,100.00 ,,,$0.01 ,0.02786128 BTC ,(0.00027861 BTC),0.04593563 BTC ,(0.921034 ETH),,0.0 ETH ,,,0.0 ZEC ,,,0.0 BCH ,,,0.0 LTC ,6278305021,6278305019,2019-05-06,20:18:15.082,,,,,,,
2019-05-06,20:20:32.238,Debit,BTC,Withdrawal (BTC),,,,,$0.01 ,(0.03173861 BTC),0.0 BTC ,0.01419702 BTC ,,,0.0 ETH ,,,0.0 ZEC ,,,0.0 BCH ,,,0.0 LTC ,,,,,,,855b680f788c9322a2adf648619af0db62b866d19725babf5072a111dd8b1bdf,,,3BMEXDGnBYb5nwMXwHcgUcTDBGJTAk1aKV,1
2019-05-07,23:56:13.745,Debit,BTC,Withdrawal (BTC),,,,,$0.01 ,(0.01419701 BTC),0.0 BTC ,0.00000001 BTC ,,,0.0 ETH ,,,0.0 ZEC ,,,0.0 BCH ,,,0.0 LTC ,,,,,,,80e9ae73100c6bf6eb4366fb51f5e9a8675af8e8e248fa809753b309e010157a,,,3BMEXDGnBYb5nwMXwHcgUcTDBGJTAk1aKV,0
2019-05-08,02:48:34.675,Credit,USD,Deposit (Instant ACH Transfer),,,$152.00 ,,$152.01 ,,,0.00000001 BTC ,,,0.0 ETH ,,,0.0 ZEC ,,,0.0 BCH ,,,0.0 LTC ,,,,,,,,,,,
2019-05-08,02:50:09.965,Buy,BTCUSD,Limit,Taker,100.00 ,($150.50),($1.50),$0.00 ,0.02591248 BTC ,,0.02591249 BTC ,,,0.0 ETH ,,,0.0 ZEC ,,,0.0 BCH ,,,0.0 LTC ,6296338732,6296338730,2019-05-08,02:50:09.965,,,,,,,
2019-05-12,13:52:27.991,Credit,BTC,Deposit (BTC),,,,,$0.00 ,0.251 BTC ,,0.27691249 BTC ,,,0.0 ETH ,,,0.0 ZEC ,,,0.0 BCH ,,,0.0 LTC ,,,,,,,46745b7e0675df51ccff88448e5eaa7b7762a4bebde8907457a2533f6db502f2,12HFZeT7MpYW6Txkrg7No25wW8BBVRCocr,0,,
2019-05-13,20:30:41.491,Debit,BTC,Withdrawal (BTC),,,,,$0.00 ,(0.02 BTC),0.0 BTC ,0.25691249 BTC ,,,0.0 ETH ,,,0.0 ZEC ,,,0.0 BCH ,,,0.0 LTC ,,,,,,,e7b9524bc50d36cab14f07d3134c3bfa258b67808cc09546d2a45e4c8765491a,,,3BMEXDGnBYb5nwMXwHcgUcTDBGJTAk1aKV,1
2019-05-14,03:47:22.126,Debit,BTC,Withdrawal (BTC),,,,,$0.00 ,(0.2340105 BTC),0.0 BTC ,0.02290199 BTC ,,,0.0 ETH ,,,0.0 ZEC ,,,0.0 BCH ,,,0.0 LTC ,,,,,,,eb09cc34dd9ed0425a6376b4c3a0b3541bb7b37698c417bfb987ff7988329e38,,,3BMEXDGnBYb5nwMXwHcgUcTDBGJTAk1aKV,1
2019-05-14,22:33:50.921,Debit,BTC,Withdrawal (BTC),,,,,$0.00 ,(0.02290198 BTC),0.0 BTC ,0.00000001 BTC ,,,0.0 ETH ,,,0.0 ZEC ,,,0.0 BCH ,,,0.0 LTC ,,,,,,,4998f569c7729760e2879346471ca3dde9c424276552d8df9dc82df31a12ee3e,,,3BMEXDGnBYb5nwMXwHcgUcTDBGJTAk1aKV,1
2019-05-17,03:34:19.539,Credit,USD,Deposit (Instant ACH Transfer),,,$209.71 ,,$209.71 ,,,0.00000001 BTC ,,,0.0 ETH ,,,0.0 ZEC ,,,0.0 BCH ,,,0.0 LTC ,,,,,,,,,,,
2019-05-17,03:36:27.502,Buy,BTCUSD,Web,Taker,,($206.59),($3.12),$0.00 ,0.02838281 BTC ,,0.02838282 BTC ,,,0.0 ETH ,,,0.0 ZEC ,,,0.0 BCH ,,,0.0 LTC ,6481477094,6481477086,2019-05-17,03:36:27.498,Web,,,,,,
2019-05-24,08:33:39.138,Debit,BTC,Withdrawal (BTC),,,,,$0.00 ,(0.02838281 BTC),0.0 BTC ,0.00000001 BTC ,,,0.0 ETH ,,,0.0 ZEC ,,,0.0 BCH ,,,0.0 LTC ,,,,,,,385a4b3f04f2a7a1d474ebd1015a1bcfaad659bf9a2b4f6b4b5fe4b4a8cc13e1,,,3BMEXDGnBYb5nwMXwHcgUcTDBGJTAk1aKV,0
2019-06-20,21:39:34.600,Credit,USD,Deposit (Instant ACH Transfer),,,$660.00 ,,$660.00 ,,,0.00000001 BTC ,,,0.0 ETH ,,,0.0 ZEC ,,,0.0 BCH ,,,0.0 LTC ,,,,,,,,,,,
2019-06-20,21:40:02.933,Buy,BTCUSD,Web,Taker,,($650.17),($9.83),$0.00 ,0.0673798 BTC ,,0.06737981 BTC ,,,0.0 ETH ,,,0.0 ZEC ,,,0.0 BCH ,,,0.0 LTC ,6981854047,6981854036,2019-06-20,21:40:02.929,Web,,,,,,
2019-06-27,21:50:42.318,Debit,BTC,Withdrawal (BTC),,,,,$0.00 ,(0.0673798 BTC),0.0 BTC ,0.00000001 BTC ,,,0.0 ETH ,,,0.0 ZEC ,,,0.0 BCH ,,,0.0 LTC ,,,,,,,93d9d21f880e9083c0d8742eba6c026c8f52caded47baa5f1ac6dd4698fd1ae6,,,3BMEXDGnBYb5nwMXwHcgUcTDBGJTAk1aKV,0
2019-07-01,20:51:33.472,Credit,USD,Deposit (Instant ACH Transfer),,,"$1,290.00 ",,"$1,290.00 ",,,0.00000001 BTC ,,,0.0 ETH ,,,0.0 ZEC ,,,0.0 BCH ,,,0.0 LTC ,,,,,,,,,,,
2019-07-01,20:56:59.502,Buy,BTCUSD,Web,Taker,,"($1,034.35)",($15.65),$240.00 ,0.09812068 BTC ,,0.09812069 BTC ,,,0.0 ETH ,,,0.0 ZEC ,,,0.0 BCH ,,,0.0 LTC ,7201735878,7201735870,2019-07-01,20:56:59.497,Web,,,,,,
2019-07-01,20:57:32.909,Buy,ETHUSD,Web,Taker,,($236.42),($3.58),$0.00 ,,,0.09812069 BTC ,0.814791 ETH ,,0.814791 ETH ,,,0.0 ZEC ,,,0.0 BCH ,,,0.0 LTC ,7201750176,7201750165,2019-07-01,20:57:32.904,Web,,,,,,
2019-07-09,05:59:41.195,Debit,BTC,Withdrawal (BTC),,,,,$0.00 ,(0.09812068 BTC),0.0 BTC ,0.00000001 BTC ,,,0.814791 ETH ,,,0.0 ZEC ,,,0.0 BCH ,,,0.0 LTC ,,,,,,,f8e0b01b66cf67ceee8ce10e9e847b5cee4a93ae7229240af68a8d5c9319883d,,,3BMEXDGnBYb5nwMXwHcgUcTDBGJTAk1aKV,0
2019-07-17,05:54:39.000,Sell,ETHBTC,Limit,Taker,35.00 ,,,$0.00 ,0.01718394 BTC ,(0.00006014 BTC),0.01712381 BTC ,(0.814791 ETH),,0.0 ETH ,,,0.0 ZEC ,,,0.0 BCH ,,,0.0 LTC ,7447904715,7447904713,2019-07-17,05:54:39.000,,,,,,,
2019-07-17,06:16:54.935,Debit,BTC,Withdrawal (BTC),,,,,$0.00 ,(0.0171238 BTC),0.0 BTC ,0.00000001 BTC ,,,0.0 ETH ,,,0.0 ZEC ,,,0.0 BCH ,,,0.0 LTC ,,,,,,,6653af16d89705e450b2f509893da5856330c767bd5cb0dd54b7681387badb5e,,,3BMEXDGnBYb5nwMXwHcgUcTDBGJTAk1aKV,0
2019-07-20,21:30:38.117,Credit,USD,Deposit (Instant ACH Transfer),,,"$1,250.00 ",,"$1,250.00 ",,,0.00000001 BTC ,,,0.0 ETH ,,,0.0 ZEC ,,,0.0 BCH ,,,0.0 LTC ,,,,,,,,,,,
2019-07-20,21:31:09.066,Buy,BTCUSD,Limit,Taker,35.00 ,"($1,203.49)",($4.21),$42.30 ,0.11 BTC ,,0.11000001 BTC ,,,0.0 ETH ,,,0.0 ZEC ,,,0.0 BCH ,,,0.0 LTC ,7518129417,7518129415,2019-07-20,21:31:09.065,,,,,,,
2019-07-20,21:42:45.969,Buy,ETHUSD,Limit,Taker,35.00 ,($42.03),($0.15),$0.12 ,,,0.11000001 BTC ,0.180128 ETH ,,0.180128 ETH ,,,0.0 ZEC ,,,0.0 BCH ,,,0.0 LTC ,7518171098,7518171096,2019-07-20,21:42:45.969,,,,,,,
2019-07-26,18:29:44.946,Debit,BTC,Withdrawal (BTC),,,,,$0.12 ,(0.11 BTC),0.0 BTC ,0.00000001 BTC ,,,0.180128 ETH ,,,0.0 ZEC ,,,0.0 BCH ,,,0.0 LTC ,,,,,,,b7768502f2141bd39dbd9bf32b25458ec245d28a7cd76fd065a11d1eb954ad72,,,3BMEXDGnBYb5nwMXwHcgUcTDBGJTAk1aKV,1
2019-08-01,11:23:14.564,Debit,ETH,Withdrawal (ETH),,,,,$0.12 ,,,0.00000001 BTC ,(0.180128 ETH),0.0 ETH ,0.0 ETH ,,,0.0 ZEC ,,,0.0 BCH ,,,0.0 LTC ,,,,,,,732fcd1225fbdb8e503134a1c6067626c2c118aa7682bbfdfb8a382f2e28cb03,,,0xf305641de4955dc5bf80c8712b4459e950a44cbb,
2019-09-19,05:32:03.973,Credit,USD,Deposit (Instant ACH Transfer),,,$260.00 ,,$260.12 ,,,0.00000001 BTC ,,,0.0 ETH ,,,0.0 ZEC ,,,0.0 BCH ,,,0.0 LTC ,,,,,,,,,,,
2019-09-19,05:33:15.045,Buy,BTCUSD,Limit,Taker,35.00 ,($259.10),($0.91),$0.12 ,0.02625025 BTC ,,0.02625026 BTC ,,,0.0 ETH ,,,0.0 ZEC ,,,0.0 BCH ,,,0.0 LTC ,8147440761,8147440759,2019-09-19,05:33:15.045,,,,,,,
2019-09-25,22:46:40.269,Debit,BTC,Withdrawal (BTC),,,,,$0.12 ,(0.02625025 BTC),0.0 BTC ,0.00000001 BTC ,,,0.0 ETH ,,,0.0 ZEC ,,,0.0 BCH ,,,0.0 LTC ,,,,,,,410dd521f0adb1fe31c6afcd027e2dd6a1e9fe0bc0473ee3a9c8c0214c717039,,,3BMEXKzBffmzLFE45a6E4dfGZU3UJk1Yz2,1
2019-09-27,05:11:30.136,Credit,USD,Deposit (Instant ACH Transfer),,,$300.00 ,,$300.12 ,,,0.00000001 BTC ,,,0.0 ETH ,,,0.0 ZEC ,,,0.0 BCH ,,,0.0 LTC ,,,,,,,,,,,
2019-09-27,05:14:01.071,Buy,BTCUSD,Limit,Taker,35.00 ,($298.92),($1.05),$0.15 ,0.03745679 BTC ,,0.0374568 BTC ,,,0.0 ETH ,,,0.0 ZEC ,,,0.0 BCH ,,,0.0 LTC ,8242647021,8242647019,2019-09-27,05:14:01.071,,,,,,,
2019-10-03,20:24:08.156,Debit,BTC,Withdrawal (BTC),,,,,$0.15 ,(0.03745679 BTC),0.0 BTC ,0.00000001 BTC ,,,0.0 ETH ,,,0.0 ZEC ,,,0.0 BCH ,,,0.0 LTC ,,,,,,,a74eab5144f63f223d43546c14ca2bae5ef4b1215877c1b25e7f6120dea1110c,,,3BMEXKzBffmzLFE45a6E4dfGZU3UJk1Yz2,0
,,,,,,,Totals,($149.56),$0.15 ,,(0.00056087 BTC),0.00000001 BTC ,,0.0 ETH ,0.0 ETH ,,,0.0 ZEC ,,0.0 BCH ,0.0 BCH ,,0.0 LTC ,0.0 LTC ,,,,,,,,,,,